<record><leader>00000cas a22000007a 4500</leader><controlfield tag="001">15725207</controlfield><controlfield tag="008">870522d18uu187uiauwr ne      0    0eng d</controlfield><datafield ind1=" " ind2=" " tag="010"><subfield code="a">sn 87058231 </subfield></datafield><datafield ind1=" " ind2=" " tag="040"><subfield code="a">INP</subfield><subfield code="b">eng</subfield><subfield code="c">INP</subfield><subfield code="d">OCL</subfield><subfield code="d">OCLCQ</subfield></datafield><datafield ind1=" " ind2=" " tag="042"><subfield code="a">msc</subfield></datafield><datafield ind1="0" ind2="0" tag="245"><subfield code="a">Decorah bee &amp; journal.</subfield></datafield><datafield ind1="3" ind2="0" tag="246"><subfield code="a">Decorah bee and journal</subfield></datafield><datafield ind1="3" ind2="0" tag="246"><subfield code="a">Bee &amp; Decorah journal</subfield></datafield><datafield ind1="3" ind2="0" tag="246"><subfield code="a">Bee and Decorah journal</subfield></datafield><datafield ind1=" " ind2=" " tag="260"><subfield code="a">Decorah, Iowa :</subfield><subfield code="b">[s.n.]</subfield></datafield><datafield ind1=" " ind2=" " tag="300"><subfield code="a">v.</subfield></datafield><datafield ind1=" " ind2=" " tag="310"><subfield code="a">Weekly</subfield></datafield><datafield ind1=" " ind2=" " tag="588"><subfield code="a">Description based on: Vol. 8, no. 51 (Dec. 20, 1876).</subfield></datafield><datafield ind1=" " ind2=" " tag="752"><subfield code="a">United States</subfield><subfield code="b">Iowa</subfield><subfield code="c">Winneshiek</subfield><subfield code="d">Decorah.</subfield></datafield><datafield ind1="0" ind2="0" tag="785"><subfield code="t">Decorah journal</subfield><subfield code="w">(DLC)sn 87057341</subfield></datafield></record>